@article{DBLP:journals/jcss/FlajoletM85,
  author    = {Philippe Flajolet and
               G. Nigel Martin},
  title     = {Probabilistic Counting Algorithms for Data Base Applications},
  journal   = {J. Comput. Syst. Sci.},
  volume    = {31},
  number    = {2},
  pages     = {182--209},
  year      = {1985},
  doi       = {10.1016/0022-0000(85)90041-8},
}


@article{DBLP:journals/cacm/Morris78a,
  author    = {Robert H. Morris Sr.},
  title     = {Counting Large Numbers of Events in Small Registers},
  journal   = {Commun. {ACM}},
  volume    = {21},
  number    = {10},
  pages     = {840--842},
  year      = {1978},
  doi       = {10.1145/359619.359627},
}


@inproceedings{DBLP:conf/soda/Blasiok18,
  author    = {Jaroslaw Blasiok},
  title     = {Optimal streaming and tracking distinct elements with high probability},
  booktitle = {Proceedings of the Twenty-Ninth Annual {ACM-SIAM} Symposium on Discrete
               Algorithms, {SODA} 2018, New Orleans, LA, USA, January 7-10, 2018},
  pages     = {2432--2448},
  year      = {2018},
  doi       = {10.1137/1.9781611975031.156},
}

@inproceedings{DBLP:conf/esa/DurandF03,
  author    = {Marianne Durand and
               Philippe Flajolet},
  title     = {Loglog Counting of Large Cardinalities (Extended Abstract)},
  booktitle = {Algorithms - {ESA} 2003, 11th Annual European Symposium, Budapest,
               Hungary, September 16-19, 2003, Proceedings},
  pages     = {605--617},
  year      = {2003},
  doi       = {10.1007/978-3-540-39658-1\_55},
}


@inproceedings{DBLP:conf/edbt/HeuleNH13,
  author    = {Stefan Heule and
               Marc Nunkesser and
               Alexander Hall},
  title     = {HyperLogLog in practice: algorithmic engineering of a state of the
               art cardinality estimation algorithm},
  booktitle = {Joint 2013 {EDBT/ICDT} Conferences, {EDBT} '13 Proceedings, Genoa,
               Italy, March 18-22, 2013},
  pages     = {683--692},
  year      = {2013},
  doi       = {10.1145/2452376.2452456},
}



@inproceedings{DBLP:conf/stoc/AlonMS96,
  author    = {Noga Alon and
               Yossi Matias and
               Mario Szegedy},
  title     = {The Space Complexity of Approximating the Frequency Moments},
  booktitle = {Proceedings of the Twenty-Eighth Annual {ACM} Symposium on the Theory
               of Computing, Philadelphia, Pennsylvania, USA, May 22-24, 1996},
  pages     = {20--29},
  year      = {1996},
  doi       = {10.1145/237814.237823},
}

@article{DBLP:journals/jcss/Achlioptas03,
  author    = {Dimitris Achlioptas},
  title     = {Database-friendly random projections: Johnson-Lindenstrauss with binary
               coins},
  journal   = {J. Comput. Syst. Sci.},
  volume    = {66},
  number    = {4},
  pages     = {671--687},
  year      = {2003},
  doi       = {10.1016/S0022-0000(03)00025-4},
}

@inproceedings{DBLP:conf/focs/Indyk00,
  author    = {Piotr Indyk},
  title     = {Stable Distributions, Pseudorandom Generators, Embeddings and Data
               Stream Computation},
  booktitle = {41st Annual Symposium on Foundations of Computer Science, {FOCS} 2000,
               12-14 November 2000, Redondo Beach, California, {USA}},
  pages     = {189--197},
  year      = {2000},
  doi       = {10.1109/SFCS.2000.892082},
}


@inproceedings{DBLP:conf/soda/Li08,
  author    = {Ping Li},
  title     = {Estimators and tail bounds for dimension reduction in {$l_{\alpha} (0<\alpha \le2)$} using stable random projections},
  booktitle = {Proceedings of the Nineteenth Annual {ACM-SIAM} Symposium on Discrete
               Algorithms, {SODA} 2008, San Francisco, California, USA, January 20-22,
               2008},
  pages     = {10--19},
  year      = {2008},
  url       = {http://dl.acm.org/citation.cfm?id=1347082.1347084},
}





@inproceedings{DBLP:conf/stoc/KaneNPW11,
  author    = {Daniel M. Kane and
               Jelani Nelson and
               Ely Porat and
               David P. Woodruff},
  title     = {Fast moment estimation in data streams in optimal space},
  booktitle = {Proceedings of the 43rd {ACM} Symposium on Theory of Computing, {STOC}
               2011, San Jose, CA, USA, 6-8 June 2011},
  pages     = {745--754},
  year      = {2011},
  doi       = {10.1145/1993636.1993735},
}



@article{DBLP:journals/jcss/Bar-YossefJKS04,
  author    = {Ziv Bar{-}Yossef and
               T. S. Jayram and
               Ravi Kumar and
               D. Sivakumar},
  title     = {An information statistics approach to data stream and communication
               complexity},
  journal   = {J. Comput. Syst. Sci.},
  volume    = {68},
  number    = {4},
  pages     = {702--732},
  year      = {2004},
  doi       = {10.1016/j.jcss.2003.11.006},
}

@inproceedings{DBLP:conf/stoc/IndykW05,
  author    = {Piotr Indyk and
               David P. Woodruff},
  title     = {Optimal approximations of the frequency moments of data streams},
  booktitle = {Proceedings of the 37th Annual {ACM} Symposium on Theory of Computing,
               Baltimore, MD, USA, May 22-24, 2005},
  pages     = {202--208},
  year      = {2005},
  doi       = {10.1145/1060590.1060621},
}



@inproceedings{DBLP:conf/birthday/Moore91,
  author    = {Robert S. Boyer and
               J. Strother Moore},
  title     = {{MJRTY:} {A} Fast Majority Vote Algorithm},
  booktitle = {Automated Reasoning: Essays in Honor of Woody Bledsoe},
  pages     = {105--118},
  year      = {1991},
}


@inproceedings{DBLP:conf/latin/CormodeM04,
  author    = {Graham Cormode and
               S. Muthukrishnan},
  title     = {An Improved Data Stream Summary: The Count-Min Sketch and Its Applications},
  booktitle = {{LATIN} 2004: Theoretical Informatics, 6th Latin American Symposium,
               Buenos Aires, Argentina, April 5-8, 2004, Proceedings},
  pages     = {29--38},
  year      = {2004},
  doi       = {10.1007/978-3-540-24698-5\_7},
}


@inproceedings{DBLP:conf/icalp/CharikarCF02,
  author    = {Moses Charikar and
               Kevin C. Chen and
               Martin Farach{-}Colton},
  title     = {Finding Frequent Items in Data Streams},
  booktitle = {Automata, Languages and Programming, 29th International Colloquium,
               {ICALP} 2002, Malaga, Spain, July 8-13, 2002, Proceedings},
  pages     = {693--703},
  year      = {2002},
  doi       = {10.1007/3-540-45465-9\_59},
}

@article{DBLP:journals/siamcomp/AilonC09,
  author    = {Nir Ailon and
               Bernard Chazelle},
  title     = {The Fast Johnson--Lindenstrauss Transform and Approximate Nearest
               Neighbors},
  journal   = {{SIAM} J. Comput.},
  volume    = {39},
  number    = {1},
  pages     = {302--322},
  year      = {2009},
  doi       = {10.1137/060673096},
}

@inproceedings{DBLP:conf/stoc/DasguptaKS10,
  author    = {Anirban Dasgupta and
               Ravi Kumar and
               Tam{\'{a}}s Sarl{\'{o}}s},
  title     = {A sparse Johnson{-}Lindenstrauss transform},
  booktitle = {Proceedings of the 42nd {ACM} Symposium on Theory of Computing, {STOC}
               2010, Cambridge, Massachusetts, USA, 5-8 June 2010},
  pages     = {341--350},
  year      = {2010},
  doi       = {10.1145/1806689.1806737},
}


@inproceedings{DBLP:conf/stoc/ClarksonW13,
  author    = {Kenneth L. Clarkson and
               David P. Woodruff},
  title     = {Low rank approximation and regression in input sparsity time},
  booktitle = {Symposium on Theory of Computing Conference, STOC'13, Palo Alto, CA,
               USA, June 1-4, 2013},
  pages     = {81--90},
  year      = {2013},
  doi       = {10.1145/2488608.2488620},
}
@article{doi:reed-solomon,
  author = {Reed, I. S. and Solomon, G.},
  title = {Polynomial Codes Over Certain Finite Fields},
  journal = {Journal of the Society for Industrial and Applied Mathematics},
  volume = {8},
  number = {2},
  pages = {300-304},
  year = {1960},
  doi = {10.1137/0108018},
  key={RS}
}

@article{doi:10.1137/S0097539704442684,
  author = {Drineas, Petros. and Kannan, Ravi. and Mahoney, Michael W.},
  title = {Fast Monte Carlo Algorithms for Matrices I: Approximating Matrix Multiplication},
  journal = {SIAM Journal on Computing},
  volume = {36},
  number = {1},
  pages = {132-157},
  year = {2006},
  doi = {10.1137/S0097539704442684}
}


@inproceedings{10.1109/FOCS.2006.37,
  author = {Sarlos, Tamas},
  title = {Improved Approximation Algorithms for Large Matrices via Random Projections},
  year = {2006},
  isbn = {0769527205},
  publisher = {IEEE Computer Society},
  address = {USA},
  doi = {10.1109/FOCS.2006.37},
  booktitle = {Proceedings of the 47th Annual IEEE Symposium on Foundations of Computer Science},
  pages = {143–152},
  numpages = {10},
  series = {FOCS ’06}
}

@book{10.5555/581165,
  author = {Matousek, Jiri},
  title = {Lectures on Discrete Geometry},
  year = {2002},
  isbn = {0387953744},
  publisher = {Springer-Verlag},
  address = {Berlin, Heidelberg}
}

@proceedings{10.1007/3-540-55719-9_79,
  author="Mansour, Yishay",
  editor="Kuich, W.",
  title="Randomized interpolation and approximation of sparse polynomials: Preliminary version",
  booktitle="Automata, Languages and Programming",
  year="1992",
  publisher="Springer Berlin Heidelberg",
  address="Berlin, Heidelberg",
  pages="261--272",
  abstract="We present a randomized algorithm that interpolates a sparse polynomial in polynomial time in the bit complexity model. The algorithm can be also applied to approximate polynomials that can be approximated by sparse polynomials (the approximation is in the L2 norm).",
  isbn="978-3-540-47278-0"
}

@inproceedings{4960344, 
  author={T. {Blumensath} and M. E. {Davies}}, 
  booktitle={2009 IEEE International Conference on Acoustics, Speech and Signal Processing}, 
  title={A simple, efficient and near optimal algorithm for compressed sensing}, 
  year={2009}, 
  volume={}, 
  number={}, 
  pages={3357-3360}, 
  keywords={inverse problems;iterative methods;signal reconstruction;signal sampling;near optimal algorithm;compressed sensing;signal sampling;sparse vector;sampling system;signal reconstruction;iterative hard thresholding;sparse inverse problem;Compressed sensing;Iterative algorithms;Signal processing;Hilbert space;Image sampling;Signal sampling;Image processing;Image reconstruction;Sampling methods;Signal reconstruction;Compressed Sensing;Iterative Hard Thresholding;Sparse Inverse Problem}, 
  doi={10.1109/ICASSP.2009.4960344}, 
  ISSN={2379-190X}, 
  month={April},
}


@inproceedings{DBLP:conf/issac/Gall14a,
  author    = {Fran{\c{c}}ois Le Gall},
  title     = {Powers of tensors and fast matrix multiplication},
  booktitle = {International Symposium on Symbolic and Algebraic Computation, {ISSAC}
               '14, Kobe, Japan, July 23-25, 2014},
  pages     = {296--303},
  year      = {2014},
  doi       = {10.1145/2608628.2608664},
}

@article{DBLP:journals/sivp/ErmeydanC18,
  author    = {Esra Sengun Ermeydan and
               Ilyas {\c{C}}ankaya},
  title     = {Sparse fast Fourier transform for exactly sparse signals and signals
               with additive Gaussian noise},
  journal   = {Signal, Image and Video Processing},
  volume    = {12},
  number    = {3},
  pages     = {445--452},
  year      = {2018},
  doi       = {10.1007/s11760-017-1177-5},
}

@inproceedings{DBLP:conf/hpec/LetourneauLL16,
  author    = {Pierre{-}David Letourneau and
               M. Harper Langston and
               Richard Lethin},
  title     = {A sparse multi-dimensional Fast Fourier Transform with stability to
               noise in the context of image processing and change detection},
  booktitle = {2016 {IEEE} High Performance Extreme Computing Conference, {HPEC}
               2016, Waltham, MA, USA, September 13-15, 2016},
  pages     = {1--6},
  publisher = {{IEEE}},
  year      = {2016},
  doi       = {10.1109/HPEC.2016.7761579},
}

@article{DBLP:journals/pieee/GilbertI10,
  author    = {Anna C. Gilbert and
               Piotr Indyk},
  title     = {Sparse Recovery Using Sparse Matrices},
  journal   = {Proceedings of the {IEEE}},
  volume    = {98},
  number    = {6},
  pages     = {937--947},
  year      = {2010},
  doi       = {10.1109/JPROC.2010.2045092},
}

@inproceedings{DBLP:conf/cdc/Vidyasagar16,
  author    = {M. Vidyasagar},
  title     = {A tutorial introduction to compressed sensing},
  booktitle = {55th {IEEE} Conference on Decision and Control, {CDC} 2016, Las Vegas,
               NV, USA, December 12-14, 2016},
  pages     = {5091--5104},
  publisher = {{IEEE}},
  year      = {2016},
  doi       = {10.1109/CDC.2016.7799048},
}

@inproceedings{DBLP:conf/pods/AhnGM12,
  author    = {Kook Jin Ahn and
               Sudipto Guha and
               Andrew McGregor},
  editor    = {Michael Benedikt and
               Markus Kr{\"{o}}tzsch and
               Maurizio Lenzerini},
  title     = {Graph sketches: sparsification, spanners, and subgraphs},
  booktitle = {Proceedings of the 31st {ACM} {SIGMOD-SIGACT-SIGART} Symposium on
               Principles of Database Systems, {PODS} 2012, Scottsdale, AZ, USA,
               May 20-24, 2012},
  pages     = {5--14},
  publisher = {{ACM}},
  year      = {2012},
  url       = {https://doi.org/10.1145/2213556.2213560},
  doi       = {10.1145/2213556.2213560},
  timestamp = {Tue, 06 Nov 2018 16:58:02 +0100},
  biburl    = {https://dblp.org/rec/conf/pods/AhnGM12.bib},
  bibsource = {dblp computer science bibliography, https://dblp.org}
}

@inproceedings{DBLP:conf/stoc/BadoiuHI02,
  author    = {Mihai Badoiu and
               Sariel Har{-}Peled and
               Piotr Indyk},
  editor    = {John H. Reif},
  title     = {Approximate clustering via core-sets},
  booktitle = {Proceedings on 34th Annual {ACM} Symposium on Theory of Computing,
               May 19-21, 2002, Montr{\'{e}}al, Qu{\'{e}}bec, Canada},
  pages     = {250--257},
  publisher = {{ACM}},
  year      = {2002},
  url       = {https://doi.org/10.1145/509907.509947},
  doi       = {10.1145/509907.509947},
  timestamp = {Tue, 06 Nov 2018 11:07:04 +0100},
  biburl    = {https://dblp.org/rec/conf/stoc/BadoiuHI02.bib},
  bibsource = {dblp computer science bibliography, https://dblp.org}
}

@article{DBLP:journals/dcg/AlthoferDDJS93,
  author    = {Ingo Alth{\"{o}}fer and
               Gautam Das and
               David P. Dobkin and
               Deborah Joseph and
               Jos{\'{e}} Soares},
  title     = {On Sparse Spanners of Weighted Graphs},
  journal   = {Discrete {\&} Computational Geometry},
  volume    = {9},
  pages     = {81--100},
  year      = {1993},
  url       = {https://doi.org/10.1007/BF02189308},
  doi       = {10.1007/BF02189308},
  timestamp = {Wed, 08 Aug 2018 12:27:35 +0200},
  biburl    = {https://dblp.org/rec/journals/dcg/AlthoferDDJS93.bib},
  bibsource = {dblp computer science bibliography, https://dblp.org}
}

@inproceedings{DBLP:conf/spaa/LattanziMSV11,
  author    = {Silvio Lattanzi and
               Benjamin Moseley and
               Siddharth Suri and
               Sergei Vassilvitskii},
  editor    = {Rajmohan Rajaraman and
               Friedhelm Meyer auf der Heide},
  title     = {Filtering: a method for solving graph problems in MapReduce},
  booktitle = {{SPAA} 2011: Proceedings of the 23rd Annual {ACM} Symposium on Parallelism
               in Algorithms and Architectures, San Jose, CA, USA, June 4-6, 2011
               (Co-located with {FCRC} 2011)},
  pages     = {85--94},
  publisher = {{ACM}},
  year      = {2011},
  url       = {https://doi.org/10.1145/1989493.1989505},
  doi       = {10.1145/1989493.1989505},
  timestamp = {Wed, 21 Nov 2018 11:16:22 +0100},
  biburl    = {https://dblp.org/rec/conf/spaa/LattanziMSV11.bib},
  bibsource = {dblp computer science bibliography, https://dblp.org}
}

@inproceedings{DBLP:conf/dagstuhl/KowarschikW02,
  author    = {Markus Kowarschik and
               Christian Wei{\ss}},
  editor    = {Ulrich Meyer and
               Peter Sanders and
               Jop F. Sibeyn},
  title     = {An Overview of Cache Optimization Techniques and Cache-Aware Numerical
               Algorithms},
  booktitle = {Algorithms for Memory Hierarchies, Advanced Lectures [Dagstuhl Research
               Seminar, March 10-14, 2002]},
  series    = {Lecture Notes in Computer Science},
  volume    = {2625},
  pages     = {213--232},
  publisher = {Springer},
  year      = {2002},
  doi       = {10.1007/3-540-36574-5\_10},
}

@inproceedings{DBLP:conf/spaa/BenderFFFKN07,
  author    = {Michael A. Bender and
               Martin Farach{-}Colton and
               Jeremy T. Fineman and
               Yonatan R. Fogel and
               Bradley C. Kuszmaul and
               Jelani Nelson},
  editor    = {Phillip B. Gibbons and
               Christian Scheideler},
  title     = {Cache-oblivious streaming B-trees},
  booktitle = {{SPAA} 2007: Proceedings of the 19th Annual {ACM} Symposium on Parallelism
               in Algorithms and Architectures, San Diego, California, USA, June
               9-11, 2007},
  pages     = {81--92},
  publisher = {{ACM}},
  year      = {2007},
  doi       = {10.1145/1248377.1248393},
}

@inproceedings{DBLP:conf/icalp/BenderCR02,
  author    = {Michael A. Bender and
               Richard Cole and
               Rajeev Raman},
  editor    = {Peter Widmayer and
               Francisco Triguero Ruiz and
               Rafael Morales Bueno and
               Matthew Hennessy and
               Stephan J. Eidenbenz and
               Ricardo Conejo},
  title     = {Exponential Structures for Efficient Cache-Oblivious Algorithms},
  booktitle = {Automata, Languages and Programming, 29th International Colloquium,
               {ICALP} 2002, Malaga, Spain, July 8-13, 2002, Proceedings},
  series    = {Lecture Notes in Computer Science},
  volume    = {2380},
  pages     = {195--207},
  publisher = {Springer},
  year      = {2002},
  doi       = {10.1007/3-540-45465-9\_18},
}
